
@article{delobsom_les_1929,
	title = {Les {Nioniossé} de {Goupana}},
	volume = {4},
	journal = {Revue d'Outre-Mer},
	author = {Delobsom, Antoine André Dim},
	year = {1929},
	pages = {419--446},
}

@misc{valentin_twitter_2022,
	title = {Twitter thread on overlap of historic maps with present outcomes},
	url = {https://twitter.com/Valen10Francois/status/1524040709862576131},
	urldate = {2022-09-08},
	author = {Valentin, François},
	month = may,
	year = {2022},
}

@misc{kedrebeogo_burkina_1988,
	title = {Burkina {Faso}, carte linguistique},
	publisher = {Service cartographique de l'IRSSH (CNRST) ; rédaction, Institut géographique du Burkina},
	author = {Kedrebeogo, G. and Yago, Z. and Hien, T.},
	year = {1988},
}

@article{beucher_pays_2011,
	title = {Le pays des {Mossi} en carte, vade-mecum pour une histoire de la rencontre coloniale en terre voltaïque (actuel {Burkina} {Faso}) à la fin du {XIXe} siècle},
	number = {210},
	journal = {Cartes \& géomatique},
	author = {Beucher, Benoît},
	year = {2011},
	pages = {175--184},
}

@book{marc_pays_1909,
	title = {Le pays mossi},
	publisher = {E. Larose},
	author = {Marc, Lucien},
	year = {1909},
}

@misc{ethnologue_language_2022,
	title = {Language {Maps}},
	url = {https://www.ethnologue.com/about/language-maps},
	urldate = {2022-09-08},
	author = {{Ethnologue}},
	year = {2022},
}

@article{guichard_ethnicisation_1990,
	title = {L'ethnicisation de la société peule du {Borgou} ({Bénin})},
	journal = {Cahiers d'Études africaines},
	author = {Guichard, Martine},
	year = {1990},
	note = {Publisher: JSTOR},
	pages = {17--44},
}

@book{lentz_histoire_2003,
	title = {Histoire du peuplement et relations interethniques au {Burkina} {Faso}},
	publisher = {KARTHALA Editions},
	author = {Lentz, Carola and Somda, Claude Nurukyor},
	year = {2003},
}

@misc{weldon_cooper_center_for_public_service_why_2022,
	title = {Why {We} {Have} {Removed} the {Racial} {Dot} {Map}},
	url = {https://demographics.coopercenter.org/racial-dot-map},
	urldate = {2022-06-26},
	author = {{Weldon Cooper Center for Public Service}},
	year = {2022},
}

@book{garenne_premarital_2006,
	title = {Premarital fertility and ethnicity in {Africa}},
	publisher = {Macro International Calverton},
	author = {Garenne, Michel and Zwang, Julien},
	year = {2006},
	note = {Issue: 13},
}

@techreport{bougma_dynamique_2010,
	title = {Dynamique des langues locales et de la langue française au {Burkina} {Faso}: un éclairage à travers les recensements généraux de la population (1985, 1996 et 2006)},
	institution = {Rapport de recherche de l’ODSEF, Observatoire démographique et statistique de l’espace francophone, Université Laval, Québec},
	author = {Bougma, Moussa},
	year = {2010},
}

@article{sanogo_elements_2010,
	title = {Éléments de sociolinguistique d’une minorité linguistique: le cas de l’onomastique chez les {Toussian}},
	volume = {89},
	number = {2},
	journal = {Onomastica Canadiana},
	author = {Sanogo, Mamadou Lamine},
	year = {2010},
	pages = {51--73},
}

@article{de_suremain_les_2008,
	title = {Les cartes ethno-démographiques de l’{Afrique} occidentale: enjeux d’une construction 1952-1963},
	issn = {1769-7298},
	url = {http://mappemonde-archive.mgm.fr/num20/articles/art08404.pdf},
	number = {92},
	journal = {M@ppemonde},
	author = {De Suremain, Marie Albane},
	year = {2008},
}

@article{de_suremain_cartographie_1999,
	title = {Cartographie coloniale et encadrement des populations en {Afrique} coloniale française, dans la première moitié du {XXe} siècle},
	volume = {86},
	number = {324},
	journal = {Outre-Mers. Revue d'histoire},
	author = {De Suremain, Marie-Albane},
	year = {1999},
	note = {Publisher: Persée-Portail des revues scientifiques en SHS},
	pages = {29--64},
}

@article{nicolas_question_1952,
	title = {La {Question} de l'{Ethnique} '{Gourounsi}' en {Haute}-{Volta} ({AOF})},
	volume = {22},
	issn = {1750-0184},
	number = {2},
	journal = {Africa},
	author = {Nicolas, François J},
	year = {1952},
	note = {Publisher: Cambridge University Press},
	pages = {170--172},
}

@article{marchal_cartographie_1979,
	title = {La cartographie et ses utilisateurs en pays africains: {A} propos de la haute volta},
	volume = {16},
	number = {3},
	journal = {Cahiers ORSTOM, sér. Sci. Hum},
	author = {Marchal, Jean-Yves},
	year = {1979},
	pages = {261--272},
}

@misc{vigdor_end_2012,
	title = {The {End} of the {Segregated} {Century}: {Racial} {Separation} in {America}'s {Neighborhoods}, 1890-2010},
	url = {https://www.manhattan-institute.org/html/end-segregated-century-racial-separation-americas-neighborhoods-1890-2010-5848.html},
	urldate = {2022-07-22},
	author = {Vigdor, Jacob L. and Glaeser, Edward L.},
	month = jan,
	year = {2012},
}

@article{henry_impact_2004,
	title = {The impact of rainfall on the first out-migration: {A} multi-level event-history analysis in {Burkina} {Faso}},
	volume = {25},
	issn = {1573-7810},
	number = {5},
	journal = {Population and environment},
	author = {Henry, Sabine and Schoumaker, Bruno and Beauchemin, Cris},
	year = {2004},
	note = {Publisher: Springer},
	pages = {423--460},
}

@article{quesnel_les_1975,
	title = {Les mouvements de population {Mossi}: démographie et migration},
	journal = {Les migrations de navail Mossi, évolution récenle et bilan actuel des},
	author = {Quesnel, André and Vaugelade, Jacques},
	year = {1975},
}

@article{sautter_migrations_1980,
	title = {Migrations, société et développement en pays {Mossi} ({Migrations}, {Society}, and {Development} in {Mosiland})},
	issn = {0008-0055},
	journal = {Cahiers d'études africaines},
	author = {Sautter, Gilles},
	year = {1980},
	note = {Publisher: JSTOR},
	pages = {215--253},
}

@article{boutillier_systemes_1977,
	title = {Systèmes socio-économiques {Mossi} et migrations},
	volume = {14},
	number = {4},
	journal = {Cahiers ORSTOM: Sciences humaines},
	author = {Boutillier, Jean-Louis and Quesnel, André and Vaugelade, Jacques},
	year = {1977},
	pages = {361--381},
}

@article{bunce_ethnicity_2022,
	title = {Ethnicity and cultural dynamics},
	author = {Bunce, John A. and McElreath, Richard},
	year = {2022},
	note = {Publisher: SocArXiv},
}

@article{munasinghe_ethnicity_2018,
	title = {Ethnicity in anthropology},
	journal = {The international encyclopedia of anthropology},
	author = {Munasinghe, Viranjini},
	year = {2018},
	note = {Publisher: John Wiley \& Sons, Ltd Oxford, UK},
	pages = {1--12},
}

@article{nagata_what_1974,
	title = {What is a {Malay}? {Situational} selection of ethnic identity in a plural society},
	volume = {1},
	issn = {0094-0496},
	number = {2},
	journal = {American ethnologist},
	author = {Nagata, Judith A},
	year = {1974},
	note = {Publisher: Wiley Online Library},
	pages = {331--350},
}

@book{vinel_etre_2000,
	title = {Etre et devenir {Sikoomse}. {Identité} et initiation en pays moaaga ({Burkina}-{Faso})},
	volume = {40},
	isbn = {2-7132-1356-8},
	publisher = {Éditions de l’École des hautes études en sciences sociales},
	author = {Vinel, Virginie},
	year = {2000},
	note = {Issue: 158},
}

@article{grindal_ethnographic_1972,
	title = {An ethnographic classification of the {Sisala} of northern {Ghana}},
	volume = {11},
	number = {4},
	journal = {Ethnology},
	author = {Grindal, Bruce T.},
	year = {1972},
	note = {ISBN: 0014-1828
Publisher: JSTOR},
	pages = {409--424},
}

@article{hien_enjeu_2009,
	title = {L'enjeu ethnique dans le jeu politique au {Burkina} {Faso}: du temps des royaumes et},
	volume = {26},
	number = {1-2},
	journal = {Science et technique: Lettres, sciences sociales et humaines},
	author = {Hien, Pierre Claver},
	year = {2009},
	note = {Publisher: Centre national de la recherche scientifique et technologique},
}

@article{remy_villages_2005,
	title = {Villages kassena et groupements mossi de la région de {Guiaro} ({Pô}): destins croisés},
	author = {Rémy, Gérard},
	year = {2005},
}

@article{zwernemann_shall_1958,
	title = {Shall {We} {Use} the {Word} ‘{Gurunsi}’?},
	volume = {28},
	issn = {1750-0184},
	number = {2},
	journal = {Africa},
	author = {Zwernemann, Jürgen},
	year = {1958},
	note = {Publisher: Cambridge University Press},
	pages = {123--125},
}

@article{traore_lislam_2013,
	title = {L’islam à {Bobo}-{Dioulasso}: facteur d’intégration et enjeu des luttes d’influence de personnes et de politiciens},
	journal = {La ville de Bobo-Dioulasso au Burkina Faso. Urbanité et appartenances en Afrique de l’Ouest, Karthala, Paris},
	author = {Traoré, Bakary},
	year = {2013},
	pages = {83--107},
}

@article{bazemo_lapport_2001,
	title = {L’apport de l’esclavage dans la construction de l’ethnie {Gurunsi} au {Burkina} {Faso}},
	journal = {CAHIERS DU CERLESHS 1er Numéro spécial},
	author = {Bazémo, M},
	year = {2001},
	pages = {7--13},
}

@article{kouanda_religion_1989,
	title = {La religion musulmane: facteur d'intégration ou d'identification ethnique. {Le} cas des {Yarse} du {Burkina} {Faso}},
	author = {Kouanda, Assimi},
	year = {1989},
}

@article{lingane_errance_2001,
	title = {Errance, sédentarité ou la naissance d'une ethnie prohibée: les {Silmimoose} du {Burkina} {Faso}},
	issn = {0003-5459},
	journal = {Anthropologica},
	author = {Lingane, Zakaria},
	year = {2001},
	note = {Publisher: JSTOR},
	pages = {231--252},
}

@article{traore_toponymie_2007,
	title = {Toponymie et histoire dans l’{Ouest} du {Burkina} {Faso}},
	issn = {290894829X},
	number = {77-1},
	journal = {Journal des africanistes},
	author = {Traore, Bakary},
	year = {2007},
	note = {Publisher: Société des africanistes},
	pages = {75--111},
}

@article{kibora_mythes_2003,
	title = {Mythes d’origine comme fondement du peuplement et de l’organisation sociale du village kasena de {Kaya}-{Navio}},
	journal = {Histoire du peuplement et relations interethniques au Burkina Faso. Paris, Karthala},
	author = {Kibora, Ludovic},
	year = {2003},
	pages = {275--288},
}

@article{hagberg_bobo_2006,
	title = {«{Bobo} buveurs, {Yarse} colporteurs». {Parenté} à plaisanterie dans le débat public burkinabè},
	volume = {46},
	issn = {2713221293},
	number = {184},
	journal = {Cahiers d’Etudes africaines},
	author = {Hagberg, Sten},
	year = {2006},
	note = {Publisher: Éditions de l’École des hautes études en sciences sociales},
	pages = {861--881},
}

@book{sissao_alliances_2002,
	title = {Alliances et {Parentés} à {Plaisanterie} au {Burkina} {Faso}: {Mécanisme} de fonctionnement et avenir},
	isbn = {2-913991-07-6},
	publisher = {Sankofa \& Gurli},
	author = {Sissao, Alain-Joseph},
	year = {2002},
}

@article{cisse_bobo_2013,
	title = {Bobo {Dioulasso} dans l’histoire ouest africaine: de la révolution dioula de {Kong} à la fin de l’ère coloniale (1710-1960)},
	journal = {La ville de Bobo-Dioulasso au Burkina Faso},
	author = {Cissé, Chikouna},
	year = {2013},
	pages = {69--82},
}

@book{guillaud_ombre_1993,
	title = {L'ombre du mil: un système agropastoral sahélien en {Aribinda} ({Burkina} {Faso})},
	isbn = {2-7099-1153-1},
	publisher = {IRD Editions},
	author = {Guillaud, Dominique},
	year = {1993},
}

@book{royer_pursuit_1996,
	title = {In pursuit of tradition: {Local} cults and religious conversion among the {Sambla} of {Burkina} {Faso}},
	publisher = {University of Illinois at Urbana-Champaign},
	author = {Royer, Patrick Yves},
	year = {1996},
}

@article{leguy_lefficacite_2011,
	title = {De l’efficacité de l’adresse indirecte. {Au} sujet des noms-messages chez les {Bwa} ({Mali}-{Burkina} {Faso})},
	number = {70},
	journal = {Cahiers de littérature orale},
	author = {Leguy, Cécile},
	year = {2011},
	note = {Publisher: INALCO},
	pages = {157--174},
}

@book{houis_les_1963,
	title = {Les noms individuels chez les {Mossi}},
	author = {Houis, Maurice},
	year = {1963},
}

@article{kevane_official_2008,
	title = {Official representations of the nation: comparing the postage stamps of {Sudan} and {Burkina} {Faso}},
	volume = {10},
	number = {1},
	journal = {African Studies Quarterly},
	author = {Kevane, Michael},
	year = {2008},
	note = {Publisher: Center for African Studies},
}

@article{royer_guerre_2003,
	title = {La guerre coloniale du {Bani}-{Volta}, 1915-1916 ({Burkina}-{Faso}, {Mali})},
	number = {2},
	journal = {Autrepart},
	author = {Royer, Patrick},
	year = {2003},
	note = {Publisher: Presses de Sciences Po},
	pages = {35--51},
}

@book{saul_west_2001,
	title = {West {African} challenge to empire: culture and history in the {Volta}-{Bani} anticolonial war},
	publisher = {Ohio University Press},
	author = {Saul, Mahir and Royer, Patrick},
	year = {2001},
}

@article{coulibaly_recit_2019,
	title = {Le récit à l’épreuve de l’archéologie: les champs de bataille et refuges du xix e siècle en pays tusian ({Burkina} {Faso})},
	volume = {58},
	number = {1},
	journal = {Revue dhistoire du XIXsupe/sup siecle},
	author = {Coulibaly, Pon Jean-Baptiste},
	year = {2019},
	note = {Publisher: Société de 1848},
	pages = {59--84},
}

@misc{leguy_nomination_2012,
	title = {Nomination, organisation sociale et stratégies discursives chez les {Bwa} ({Mali}-{Burkina} {Faso})},
	publisher = {Armand Colin},
	author = {Leguy, Cécile},
	year = {2012},
}

@article{nathan_local_2016,
	title = {Local ethnic geography, expectations of favoritism, and voting in urban {Ghana}},
	volume = {49},
	number = {14},
	journal = {Comparative Political Studies},
	author = {Nathan, Noah L},
	year = {2016},
	note = {Publisher: SAGE Publications Sage CA: Los Angeles, CA},
	pages = {1896--1929},
}

@techreport{mcguirk_transhumant_2020,
	title = {Transhumant {Pastoralism}, {Climate} {Change}, and {Conflict} in {Africa}},
	institution = {National Bureau of Economic Research},
	author = {McGuirk, Eoin F and Nunn, Nathan},
	year = {2020},
}

@article{nicoll_whats_1986,
	title = {What's in a name? {Accuracy} of using surnames and forenames in ascribing {Asian} ethnic identity in {English} populations.},
	volume = {40},
	number = {4},
	journal = {Journal of Epidemiology \& Community Health},
	author = {Nicoll, Angus and Bassett, Karen and Ulijaszek, Stanley J},
	year = {1986},
	note = {Publisher: BMJ Publishing Group Ltd},
	pages = {364--368},
}

@article{kamou_memoire_2015,
	title = {Mémoire de fin de cycle},
	author = {Kamou, ZINGUE and ZONOU, Bienvenu and NEBIE, Mr Gninè},
	year = {2015},
}

@book{verkuyten_social_2004,
	title = {The social psychology of ethnic identity},
	publisher = {Psychology Press},
	author = {Verkuyten, Maykel},
	year = {2004},
}

@book{toland_ethnicity_1992,
	title = {Ethnicity and the {State}},
	publisher = {Transaction Publishers},
	author = {Toland, Judith Drick},
	year = {1992},
}

@article{sanou_association_2000,
	title = {L'association pastorale de {Sourindou}-{Mihity} ({Nord}-{Yatenga}, {Burkina} {Faso})},
	journal = {Gérer le foncier rural en Afrique de l'Ouest: dynamiques foncières et interventions publiques},
	author = {Sanou, Saidou},
	year = {2000},
	note = {Publisher: KARTHALA Editions},
	pages = {271},
}

@article{artiles_within-group_2022,
	title = {Within-group heterogeneity in a multi-ethnic society},
	author = {Artiles, Miriam},
	year = {2022},
}

@article{dunning_cross-cutting_2010,
	title = {Cross-cutting cleavages and ethnic voting: {An} experimental study of cousinage in {Mali}},
	volume = {104},
	number = {1},
	journal = {American Political Science Review},
	author = {Dunning, Thad and Harrison, Lauren},
	year = {2010},
	note = {Publisher: Cambridge University Press},
	pages = {21--39},
}

@phdthesis{coulibaly_archeologie_2017,
	type = {{PhD} {Thesis}},
	title = {Archéologie en pays tusian ({Burkina} {Faso}): vestiges anciens et actuels de l'occupation humaine},
	school = {Université Panthéon-Sorbonne-Paris I; Université Ouaga 1 Professeur Joseph …},
	author = {Coulibaly, Pon Jean-Baptiste},
	year = {2017},
}

@article{saint-lary_juges_2004,
	title = {Des juges dans l’antre du logis. {Pouvoirs} judiciaire et religieux dans une chefferie tooroobe du {Yatenga} ({Burkina} {Faso})},
	number = {169-170},
	journal = {Études rurales},
	author = {Saint-Lary, Maud},
	year = {2004},
	note = {Publisher: EHESS},
	pages = {179--195},
}

@article{panis_ces_2015,
	title = {Ces discours qui ne vont pas de soi: {L}’apport du dialogisme dans l’analyse de discours ethnicistes au {Burkina} {Faso}.},
	number = {HS-17},
	journal = {Corela. Cognition, représentation, langage},
	author = {Panis, Caroline},
	year = {2015},
	note = {Publisher: Université de Poitiers},
}

@phdthesis{panis_est_2014,
	type = {{PhD} {Thesis}},
	title = {`{On} est comme les {Mossis} mais pas mossi comme ça': fluctuation intersubjective des positionnements discursifs en interaction familiale au {Burkina} {Faso}},
	school = {Paris 5},
	author = {Panis, Caroline},
	year = {2014},
}

@phdthesis{ouedraogo_dynamique_1990,
	type = {{PhD} {Thesis}},
	title = {La dynamique des pouvoirs locaux au {Yatenga} ({Burkina} {Faso}): formation et évolution de {Amene}},
	school = {Université de Provence},
	author = {Ouédraogo, Moussa},
	year = {1990},
}

@misc{saint-lary_aux_2012,
	title = {Aux marges du royaume. {Le} {Yatenga} des {Peuls}: pacte tacite, négociations et trahisons},
	publisher = {CNRS Editions},
	author = {Saint-Lary, Maud},
	year = {2012},
}

@inproceedings{kobiane_appartenance_2008,
	title = {Appartenance ethnique et scolarisation au {Burkina} {Faso}: la dimension culturelle en question},
	booktitle = {Proceedings of the {Colloque} international de l’{AIDELF} {Démographie} et cultures},
	author = {Kobiané, Jean-François and Pilon, Marc},
	year = {2008},
}

@article{diallo_identites_2006,
	title = {Identités et relations de plaisanterie chez les {Peuls} de l'ouest du {Burkina} {Faso}},
	volume = {46},
	number = {184},
	journal = {Cahiers d’études africaines},
	author = {Diallo, Youssouf},
	year = {2006},
	note = {Publisher: Éditions de l’École des hautes études en sciences sociales},
	pages = {779--794},
}

@article{boutrais_pour_1994,
	title = {Pour une nouvelle cartographie des {Peuls} ({Remapping} the {Fulani})},
	journal = {Cahiers d'études africaines},
	author = {Boutrais, Jean},
	year = {1994},
	note = {Publisher: JSTOR},
	pages = {137--146},
}

@article{bierschenk_ethnicisation_1992,
	title = {The ethnicisation of {Fulani} society in the {Borgou} province of {Benin} by the ethnologist},
	journal = {Cahiers d'études africaines},
	author = {Bierschenk, Thomas},
	year = {1992},
	note = {Publisher: JSTOR},
	pages = {509--520},
}

@incollection{giuliano_historical_2021,
	title = {Historical data: where to find them, how to use them},
	booktitle = {The {Handbook} of {Historical} {Economics}},
	publisher = {Elsevier},
	author = {Giuliano, Paola and Matranga, Andrea},
	year = {2021},
	pages = {95--123},
}

@incollection{lowes_ethnographic_2021,
	title = {Ethnographic and field data in historical economics},
	booktitle = {The {Handbook} of {Historical} {Economics}},
	publisher = {Elsevier},
	author = {Lowes, Sara},
	year = {2021},
	pages = {147--177},
}

@article{murdock_africa_1959,
	title = {Africa its peoples and their culture history},
	author = {Murdock, George Peter},
	year = {1959},
	note = {Publisher: McGraw-Hill Book Company},
}

@article{amselle_ethnicite_1987,
	title = {L'ethnicité comme volonté et comme représentation: à propos des {Peul} du {Wasolon}},
	volume = {42},
	number = {2},
	journal = {Annales. Histoire, Sciences Sociales},
	author = {Amselle, Jean-Loup},
	year = {1987},
	note = {Publisher: Cambridge University Press},
	pages = {465--489},
}

@article{brasseur_cartes_1963,
	title = {Cartes ethno-démographiques de l'{Afrique} {Occidentale}: feuilles 3 et 4 {Nord}},
	author = {Brasseur, Gérard and Le Moal, Guy},
	year = {1963},
}

@article{kasara_tax_2007,
	title = {Tax me if you can: {Ethnic} geography, democracy, and the taxation of agriculture in {Africa}},
	volume = {101},
	number = {1},
	journal = {American political science review},
	author = {Kasara, Kimuli},
	year = {2007},
	note = {Publisher: Cambridge University Press},
	pages = {159--172},
}

@book{barth_ethnic_1998,
	title = {Ethnic groups and boundaries: {The} social organization of culture difference},
	publisher = {Waveland Press},
	author = {Barth, Fredrik},
	year = {1998},
}

@article{raitz_ethnic_1978,
	title = {Ethnic {Maps} of {North} {America}},
	volume = {68},
	number = {3},
	journal = {Geographical Review},
	author = {Raitz, Karl B},
	year = {1978},
	note = {Publisher: JSTOR},
	pages = {335--350},
}

@article{bazemo_representation_2003,
	title = {De la représentation de soi et de l'autre à l'esclavage précolonial. {Le} cas des {Moosé} et des {Peul} au {Burkina} {Faso}},
	volume = {890},
	number = {1},
	journal = {Collection de l'Institut des Sciences et Techniques de l'Antiquité},
	author = {Bazémo, Maurice},
	year = {2003},
	note = {Publisher: Persée-Portail des revues scientifiques en SHS},
	pages = {187--194},
}

@book{lankoande_noms_2005,
	title = {Noms de famille (patronymes) au {Burkina} {Faso}},
	author = {Lankoande, Salif Titamba},
	year = {2005},
}

@article{alesina_fractionalization_2003,
	title = {Fractionalization},
	volume = {8},
	number = {2},
	journal = {Journal of Economic growth},
	author = {Alesina, Alberto and Devleeschauwer, Arnaud and Easterly, William and Kurlat, Sergio and Wacziarg, Romain},
	year = {2003},
	note = {Publisher: Springer},
	pages = {155--194},
}

@article{posner_measuring_2004,
	title = {Measuring ethnic fractionalization in {Africa}},
	volume = {48},
	number = {4},
	journal = {American journal of political science},
	author = {Posner, Daniel N},
	year = {2004},
	note = {Publisher: Wiley Online Library},
	pages = {849--863},
}
